fiscalDateEnding,reportedCurrency,grossProfit,totalRevenue,costOfRevenue,costofGoodsAndServicesSold,operatingIncome,sellingGeneralAndAdministrative,researchAndDevelopment,operatingExpenses,investmentIncomeNet,netInterestIncome,interestIncome,interestExpense,nonInterestIncome,otherNonOperatingIncome,depreciation,depreciationAndAmortization,incomeBeforeTax,incomeTaxExpense,interestAndDebtExpense,netIncomeFromContinuingOperations,comprehensiveIncomeNetOfTax,ebit,ebitda,netIncome
2023-09-30,USD,-137965000,198711000,336676000,10200000,-273971000,105451000,27651000,136006000,-805000,-11802000,10369000,11802000,0,4987000,16544000,4400000,-288179000,-4700000,11802000,-283508000,-271336000,-276377000,-271977000,-283479000
2023-06-30,USD,-78143000,260182000,338325000,7300000,-233842000,101154000,29251000,155699000,4000,-11265000,16391000,11265000,264000,-5082000,11477000,4800000,-237298000,-900000,11265000,-236415000,-231128000,-226033000,-221233000,-236398000
2023-03-31,USD,-69396000,210286000,279682000,5500000,-209799000,104016000,26535000,140403000,5945000,-10650000,17632000,10650000,-1000,-4771000,9789000,5000000,-207861000,-1300000,10650000,-206531000,-199591000,-197211000,-192211000,-206561000
2022-12-31,USD,-80478000,220742000,301220000,5500000,-233734000,101509000,27456000,153256000,5393000,-10166000,17938000,10166000,-1066000,6861000,10201000,3557000,-224156000,-691000,11152000,-223465000,-214444000,-213990000,-210433000,-223465000
2022-09-30,USD,-46063000,188628000,234691000,5400000,-159746000,85578000,28105000,113683000,-1823000,-9020000,13429000,9020000,0,-5399000,8997000,800000,-169258000,1500000,9020000,-170758000,-176794000,-160238000,-159438000,-170758000
2022-06-30,USD,-32465000,151267000,183732000,5500000,-146909000,95953000,23557000,114444000,-2270000,-11203000,3838000,11203000,-468000,-2456000,8362000,800000,-172873000,423000,11203000,-173296000,-183823000,-161670000,-160870000,-173296000
2022-03-31,USD,-35349000,140804000,176153000,2600000,-139161000,80890000,20461000,103812000,-2290000,-8648000,2054000,8648000,-847000,-1309000,2842000,5939000,-156903000,-414000,8648000,-156503000,-173419000,-148255000,-142316000,-156489000
2021-12-31,USD,-87763000,161905000,249668000,-417084000,-200742000,73200000,27139000,112979000,None,-15330000,-5664000,9666000,155000,-447000,4997000,1374000,-209111000,-16197000,15330000,-192914000,-192108000,-199445000,-198071000,-192914000
2021-09-30,USD,-31078000,143922000,175000000,175000000,-98663000,42421000,16634000,67585000,None,-5361000,4151000,9512000,-254000,-50000,6178000,400000,-106671000,0,5361000,-106671000,-109043000,-97159000,-96759000,-106671000
2021-06-30,USD,-40298000,124557000,164855000,164855000,-89637000,38652000,11247000,49339000,None,-10268000,1446000,11714000,18000,-70000,4211000,400000,-99634000,0,10268000,-99634000,-101020000,-87920000,-87520000,-99634000
2021-03-31,USD,-12171000,71958000,84129000,84129000,-48282000,25579000,9742000,36111000,None,-12266000,68000,12334000,361000,-198000,5514000,364000,-60746000,0,12266000,-60746000,-61777000,-48412000,-48048000,-60746000
2020-12-31,USD,-431114000,14367000,109219000,122015000,-477774000,29385000,10815000,46660000,None,13161000,31264000,18103000,309099000,-287000,4574000,-2320000,-490935000,-6830000,-17625000,-477774000,-483500000,-472832000,-475152000,-484105000
2020-09-30,USD,-28584000,107048000,135632000,135632000,-54310000,17210000,7386000,25726000,None,-17248000,None,17248000,107048000,-303000,3791000,300000,-71861000,-6644000,17248000,-39379000,-64530000,-54613000,-54313000,-65217000
2020-06-30,USD,-15000,67995000,68010000,68010000,-26532000,21644000,4873000,26517000,None,-13368000,None,13368000,13222000,-94000,3078000,200000,-26801000,-17400000,-13222000,-8615000,-9294000,-13433000,-13233000,-9401000
2020-03-31,USD,-9703000,40819000,50522000,50522000,-25586000,11109000,4774000,15883000,None,-3354000,8435000,11789000,40947000,-57000,2991000,1045000,-37432000,0,3354000,-37479000,-37668000,-25643000,-24598000,-37432000
2019-12-31,USD,12782000,91607000,78825000,83861000,-7109000,9973000,4882000,20323000,None,-2564000,28212000,30776000,91664000,-10734000,3080000,8580000,-11737000,52000,2564000,-7541000,-17740000,-7109000,1471000,-18036000
2019-09-30,USD,4500000,59461000,54961000,54892000,-9458000,10395000,3563000,13958000,None,-1917000,8063000,1917000,59461000,-8063000,3362000,200000,-21229000,13000,518000,-21229000,-18353000,-9458000,-9258000,-17822000
2019-06-30,USD,10621000,57466000,46845000,51324000,-11939000,13613000,3608000,17221000,None,-1871000,6155000,1871000,57535000,-6155000,2748000,200000,-18561000,7861000,1871000,-18561000,-17252000,-11939000,-11739000,-17338000
2019-03-31,USD,-7740000,21510000,29250000,29250000,-19967000,9221000,7373000,12227000,None,-2469000,10471000,2469000,21579000,-10471000,2748000,2776000,-33938000,8345000,2469000,-33938000,-30757000,-19967000,-17191000,-30952000
2018-12-31,USD,4507000,59403000,54896000,83522000,-12919000,8483000,-12727000,17426000,None,-1911000,None,1911000,59820000,-5564000,3240000,-8292000,-26054000,-1714000,1911000,-12919000,-24518000,-12919000,-32435000,-24340000
2018-09-30,USD,4409000,53165000,48756000,48756000,-12645000,8652000,8402000,17054000,None,-1998000,None,1998000,53165000,-4636000,2797000,2797000,-17281000,-1716000,1998000,-15565000,-15647000,-12645000,-12486000,-15565000
2018-06-30,USD,-2310000,35229000,38316000,37539000,-22978000,12241000,8427000,20668000,None,-2059000,None,2059000,39927000,-5802000,None,3015000,-28780000,-2912000,2059000,-25868000,-26630000,-22978000,-23706000,-25868000
2018-03-31,USD,-3984000,26418000,31179000,30402000,-20941000,8309000,8648000,16957000,None,-379000,None,379000,29080000,-1847000,None,2780000,-22788000,-2953000,379000,-19835000,-19423000,-20941000,-19629000,-19835000
2017-12-31,USD,-657000,33663000,34862000,68582000,-17717000,8426000,8634000,17060000,None,-274000,None,274000,31095000,-1722000,3990000,2594000,-19439000,-392000,274000,-17717000,-19203000,-17717000,-15123000,-19439000
2017-09-30,USD,-19410000,34593000,54003000,41481000,-36381000,9535000,7436000,16971000,None,-200000,None,200000,34593000,-4602000,1900000,2413000,-40983000,2724000,200000,-40983000,-40428000,-36381000,-33968000,-40983000
2017-06-30,USD,-3543000,20784000,24327000,11744000,-28072000,17904000,6625000,24529000,None,-149000,None,149000,20007000,-14547000,None,2181000,-42619000,2251000,149000,-42619000,-41683000,-28072000,-25891000,-42619000
2017-03-31,USD,-4479000,15235000,19714000,6435000,-19622000,9145000,5998000,15143000,None,-147000,None,147000,14458000,-4417000,None,2002000,-24039000,2137000,147000,-24039000,-23819000,-19622000,-17620000,-24039000
2016-12-31,USD,3011000,32578000,29567000,53393000,-11937000,8803000,6145000,14948000,None,-1291000,None,1291000,0,-7835000,None,1738000,-19211000,0,1291000,-11937000,-20079000,-11937000,-16182000,-19211000
2016-09-30,USD,381000,17559000,17178000,7920000,-13256000,8636000,5001000,13637000,None,-162000,None,162000,0,-138000,None,1384000,-13394000,0,162000,-13394000,-13371000,-13256000,-11848000,-13394000
2016-06-30,USD,384000,20459000,20075000,11251000,-13376000,8559000,5201000,13760000,None,254000,None,-254000,None,248000,None,957000,-13128000,0,-254000,-13128000,-13417000,-13376000,-12425000,-13128000
2016-03-31,USD,170000,15332000,15162000,6309000,-12950000,8290000,4830000,13120000,None,-561000,None,561000,None,1365000,None,571000,-12146000,-392000,561000,-11754000,-11171000,-12950000,-11014000,-11754000
2015-12-31,USD,-9417000,38431000,47848000,10100000,-24120000,10212000,4491000,14703000,None,-204000,None,204000,None,892824,None,525000,-25200000,204000,204000,-24120000,-25647000,-24120000,-23595000,-25200000
2015-09-30,USD,76000,31432000,31356000,31346000,-12256000,8201000,4131000,12332000,None,-36000,None,36000,None,2079000,None,512000,-10213000,36000,36000,-10213000,-9866000,-12256000,-11744000,-10213000
2015-06-30,USD,1562000,24009000,22447000,22136000,-9865000,8002000,3425000,11427000,None,-60000,None,60000,None,699000,None,494000,-9226000,60000,60000,-9865000,-9226000,-9865000,-9371000,-9226000
2015-03-31,USD,-2111000,9416000,11527000,11475798,-12761000,7749000,2901000,10650000,None,-90023,None,90023,None,31176,None,475000,-11051821,90023,90023,-12761769,-11051000,-12761000,-12286000,-11051000
2014-12-31,USD,-1658000,21453000,23111000,21796516,-13216000,11784000,2174000,11558000,None,-82425,None,82425,-109851,29845,None,508000,-7157000,0,82425,13043000,-7157000,-13216000,-6566575,-7157000
2014-09-30,USD,-1093000,19881000,20974000,20275309,-10696000,5559000,1644000,9603000,None,-93255,None,93255,4492,628339,None,499000,-9676000,-325000,93255,-9351034,-9351000,-10696000,-10197000,-9351000
2014-06-30,USD,195000,17321000,17126000,16355159,-6642000,5439000,1398000,6837000,None,-121139,None,121139,None,1063026,None,481265,3876957,121139,121139,-5627800,3877000,-6642000,-6160735,3877000
2014-03-31,USD,-2306000,5574441,7880441,7463346,-7378000,3252009,1253396,5072000,None,90469,None,-90469,None,45009,None,457735,-75857000,90000,-90469,-7378171,-75857099,-7378000,-6920265,-75857099
2013-12-31,USD,5520968,8031803,2510835,10559161,-7969641,5746270,777970,7755628,None,-44095,None,44095,-40790578,16237958,None,475302,-28877000,259,44095,5925000,-28927657,-7969641,-28357829,-28877485
2013-09-30,USD,-6501128,4626816,11127944,7812018,-8000579,2753030,768965,4209542,None,-124651,None,124651,3234717,-8180401,None,488171,-16305631,-410259,124651,-15895372,-15870104,-8000579,-7512408,-15895372
2013-06-30,USD,-5259750,7497274,12757024,8973308,-6616110,3215425,823581,4754219,None,-146922,None,146922,3234717,-5792449,None,399729,-9320000,147000,146922,-6616110,-9364205,-6616110,-6216381,-9320764
2013-03-31,USD,-5008090,6445107,11453197,7998192,-6378670,2881275,750484,4288096,None,-82607,None,82607,-3178949,-2115102,None,544798,-8474000,104000,82607,-6378670,-8615034,-6378670,-5833872,-8576379
2012-12-31,USD,5696,5921564,14987417,9105623,-9543896,4020503,1344726,9240883,None,-103796,None,103796,-14363,3595998,None,342818,-8474334,None,103796,5696,14882869,-9543896,-9201078,-8474
2012-09-30,USD,-9704730,4775654,14480384,10848860,-11781027,3053434,1284975,4916499,None,-59349,None,59349,0,1434866,None,578090,-10325464,43000,59349,-11781027,-20540303,-11781027,-11202937,-10325464
2012-06-30,USD,-5123689,7659097,12782786,8642527,-7533330,3567268,1577077,5717336,None,-42965,None,42965,0,1053051,None,572991,-6479554,43000,42965,-7533330,-13039651,-7533330,-6960339,-6479554
2012-03-31,USD,-5820113,7752142,13572255,9060689,-7813528,3935793,1227457,5796703,None,-55848,None,55848,-57680,-1238750,None,575773,-6583102,66000,55848,-7813528,-13089701,-7813528,-7237755,-6583102
2011-12-31,USD,11296,11867245,15545238,11481985,-6412363,3494945,2007927,6070899,None,None,None,305000,281,None,None,377549,-7167540,305000,None,11296,20249290,-6412363,-6034814,-7167
2011-09-30,USD,-6286851,5470254,11757105,7565994,-8787511,3606505,1478847,4996600,None,None,None,17000,673358,2414267,None,584606,-6290546,-3170000,None,-8787511,-6290546,-8787511,-8202905,-6291
2011-06-30,USD,-5055871,4346689,9402560,4931170,-8635635,3882917,1106248,5577638,None,None,None,5223000,None,-1790520,None,588473,-6752668,None,None,-8635635,-6752668,-8635635,-8047162,-6753
2011-03-31,USD,-2085779,5941754,8027533,6690453,-7291592,3561598,1062726,5205813,None,None,None,14494000,None,None,None,1086229,-7243200,None,None,None,None,-7291592,-6171465,-7243
2010-12-31,USD,-2771522,6244908,9016430,7936481,-8816368,7743636,947017,9262440,None,None,None,101363,None,None,None,3198132,-8592651,8592651,None,None,None,-8816368,-7778898,-8592651
2010-09-30,USD,-3321602,5752804,9074406,7344444,-9400206,3430197,2085622,6078604,None,None,None,33289,None,None,None,1292759,-9291565,9291565,None,None,None,-9400206,-8107447,-9291565
